% This file was created with JabRef 2.9.2.
% Encoding: Cp1252

@book{taruffi,
  title={The Technique of Motor Racing},
  author={Taruffi, Piero},
  year={1959},
  publisher={Motor Racing Publications}
}

@article{hendrikx,
  title={Application of optimal control theory to inverse simulation of car handling},
  author={Hendrikx, JPM and Meijlink, TJJ and Kriens, RFC},
  journal={Vehicle System Dynamics},
  volume={26},
  number={6},
  pages={449--461},
  year={1996},
}

@article{casanova,
  title={On minimum time vehicle manoeuvring: The theoretical optimal lap},
  author={Daniel Casanova},
  year={2000},
  publisher={Cranfield University}
}

@article{kelly,
  title={Lap time simulation with transient vehicle and tyre dynamics},
  author={Kelly, Daniel Patrick},
  year={2008},
  publisher={Cranfield University}
}

@inproceedings{wloch,
  title={Optimising the performance of a formula one car using a genetic algorithm},
  author={Wloch, Krzysztof and Bentley, Peter J},
  booktitle={Parallel Problem Solving from Nature},
  pages={702--711},
  year={2004},
}

@article{mully,
  title={Optimisation of the Driving Line on a Race Track},
  author={M{\"u}hlmeier, Martin and M{\"u}ller, Norbert},
  journal={Auto Technology},
  volume={3},
  number={2},
  pages={68--71},
  year={2003},
}

@inproceedings{theodosis,
  title={Generating a Racing Line for an Autonomous Racecar Using Professional Driving Techniques},
  author={Theodosis, Paul A and Gerdes, J Christian},
  booktitle={ASME 2011 Dynamic Systems and Control Conference},
  pages={853--860},
  year={2011},
}

@article{prokop,
  title={Modeling human vehicle driving by model predictive online optimization},
  author={Prokop, G{\"u}nther},
  journal={Vehicle System Dynamics},
  volume={35},
  number={1},
  pages={19--53},
  year={2001},
}

@article{gerdts,
  title={Generating locally optimal trajectories for an automatically driven car},
  author={Gerdts, Matthias, M{\"u}ller-Be{\ss}ler, Bernhard and Stock, Gregor},
  journal={Optimization and Engineering},
  volume={10},
  number={4},
  pages={439--463},
  year={2009},
}

@article{timings,
  title={Minimum maneuver time calculation using convex optimization},
  author={Timings, Julian P and Cole, David J},
  journal={Journal of Dynamic Systems, Measurement, and Control},
  volume={135},
  number={3},
  year={2013},
  publisher={American Society of Mechanical Engineers}
}

@ARTICLE{mickgeneral,
  author = {Krisada Kritayakirana and J. Christian Gerdes},
  title = {Autonomous Vehicle Control at the Limits of Handling},
  journal = {International Journal of Vehicle Autonomous Systems},
  year = {2012},
  volume = {10},
  pages = {271-296},
  number = {4},
  owner = {ddl},
  timestamp = {2014.03.01}
}