% This file was created with JabRef 2.9.2.
% Encoding: Cp1252

@ARTICLE{ackermann,
  author = {Jurgen Ackermann and Jurgen Guldner and Wolfgang Sienel and Reinhold
	Steinhauser and Vadim I. Utkin},
  title = {Linear and Nonlinear Control Design for Robust Automatic Steering},
  journal = {IEEE Transactions on Control},
  year = {1995},
  volume = {3},
  pages = {132-143},
  owner = {ddl},
  timestamp = {2014.03.01}
}

@ARTICLE{amditis,
  author = {Angelos Amditis and Matthaios Bimpas and George Thomadis and Manolis
	Tsogas},
  title = {A Situation-Adaptive Lane-Keeping Support System: Overview of the
	SAFELANE Approach},
  journal = {IEEE Transactions on Intelligent Transportation Systems},
  year = {2010},
  volume = {11},
  pages = {617-629},
  owner = {ddl},
  timestamp = {2014.03.01}
}

@CONFERENCE{brandt,
  author = {Thorsten Brandt and Thomas Settel and Michael Bohm},
  title = {Combining haptic human-machine interaction with predictive path planning
	for lane-keeping and collision avoidance systems},
  booktitle = {Proceedings of the 2007 IEEE Intelligent Vehicles Symposium},
  year = {2007},
  month = {June},
  owner = {ddl},
  timestamp = {2014.03.01}
}

@ARTICLE{cerone,
  author = {Vito Cerone and Mario Milanese and Diego Regruto},
  title = {Combined Automatic Lane-Keeping and Driver's Steering Through a 2-DOF
	Control Strategy},
  journal = {IEEE Transactions on Control Systems Technology},
  year = {2009},
  volume = {17},
  pages = {135-142},
  number = {1},
  owner = {ddl},
  timestamp = {2014.03.01}
}

@CONFERENCE{chen,
  author = {Changfang Chen, Yingmin Jia, Junping Du and Fashan Yu},
  title = {Lane Keeping Control for Autonomous 4WS4WD Vehicles Subject to Wheel
	Slip Constraint},
  booktitle = {American Control Conference},
  year = {2012},
  owner = {ddl},
  timestamp = {2014.03.01}
}

@ARTICLE{ono,
  author = {Eiichi Ono, Shigeyuki Hosoe, Hoang De. Tuan, and Shun'ichi Doi},
  title = {Bifurcation in Vehicle Dynamics and Robust Front Wheel Steering Control},
  journal = {IEEE Transactions on Control Systems Technology},
  year = {1998},
  volume = {6},
  pages = {412-420},
  owner = {ddl},
  timestamp = {2014.03.01}
}

@CONFERENCE{enache2,
  author = {Nicoleta Enache and Stephane Guegan and Francois Desnoyer and Helene
	Vorobieva},
  title = {Lane Keeping and Lane Departure Avoidance by Rear Wheels Steering},
  booktitle = {Intelligent Vehicles Symposium},
  year = {2012},
  owner = {ddl},
  timestamp = {2014.03.01}
}

@ARTICLE{enache,
  author = {N. Minoiu Enache and M Netto and S Mammar and B Lusetti},
  title = {Driver Steering Assistance for Lane Departure Avoidance},
  journal = {Control Engineerng Practice},
  year = {2009},
  volume = {17},
  pages = {642-651},
  number = {6},
  owner = {ddl},
  timestamp = {2014.03.01}
}

@ARTICLE{cremean,
  author = {T.B. Foote and B. Cremean and J.H. Gillula and G.H. Hines and D.
	Kogan and K.L. Kriechbaum and J.C. Lamb and J. Leibs and L. Lindzey
	and C.E. Rasmussen and A.
	
	D. Stewart and J. W. Burdick and R. M. Murray.},
  title = {Alice: An information rich
	
	autonomous vehicle for high-speed desert navigation},
  journal = {Journal of Field},
  year = {2006},
  volume = {23},
  pages = {777-810},
  number = {9},
  owner = {ddl},
  timestamp = {2014.03.10}
}

@ARTICLE{gerdes,
  author = {J. Christian Gerdes and Eric J. Rossetter and Ursina Saur},
  title = {Combining Lankeeping and Vehicle Following with Hazard Maps},
  journal = {Vehicle System Dynamics: International Journal of Vehicle Mechanics
	and Mobility},
  year = {2001},
  volume = {36},
  pages = {391-411},
  owner = {ddl},
  timestamp = {2014.03.01}
}

@CONFERENCE{hindiyeh,
  author = {Rami Y. Hindiyeh and Kirstin L.R. Talvala and J. Chri},
  title = {Lanekeeping at the Handling Limits},
  booktitle = {AVEC},
  year = {2008},
  owner = {ddl},
  timestamp = {2014.03.01}
}

@ARTICLE{imine,
  author = {H Imine and T Madani},
  title = {Sliding-mode Control for Automated Lane Guidance of Heavy Vehicle},
  journal = {International Journal of Robust and Nonlinear Control},
  year = {2013},
  volume = {23},
  pages = {67-76},
  owner = {ddl},
  timestamp = {2014.03.01}
}

@PHDTHESIS{mickthesis,
  author = {Krisada Kritayakirana},
  title = {Autonomous Vehicle Control at the Limits of Handling},
  school = {Stanford University},
  year = {2012},
  owner = {ddl},
  timestamp = {2014.03.04}
}

@ARTICLE{mickcop,
  author = {Krisada Kritayakirana and J. Christian Gerdes},
  title = {Using the center of percussion to design a steering control for an
	autonomous racecar},
  journal = {Vehicle System Dynamics},
  year = {2012},
  volume = {50},
  pages = {33-51},
  owner = {ddl},
  timestamp = {2014.03.05}
}

@ARTICLE{mickgeneral,
  author = {Krisada Kritayakirana and J. Christian Gerdes},
  title = {Autonomous Vehicle Control at the Limits of Handling},
  journal = {International Journal of Vehicle Autonomous Systems},
  year = {2012},
  volume = {10},
  pages = {271-296},
  number = {4},
  owner = {ddl},
  timestamp = {2014.03.01}
}

@CONFERENCE{mammar2010,
  author = {Said Mammar and Nicoleta Enache and Sebastien Glaser and Benoit Lusetti
	and Andre Benine Neto},
  title = {Lanekeeping automation at tire saturation},
  booktitle = {American Control Conference},
  year = {2010},
  owner = {ddl},
  timestamp = {2014.03.01}
}

@ARTICLE{mammar,
  author = {Said Mammar and Damien Koenig},
  title = {Vehicle Handling Improvement by Active Steering},
  journal = {Vehicle},
  year = {2002},
  volume = {38},
  pages = {211-242},
  owner = {ddl},
  timestamp = {2014.03.01}
}

@CONFERENCE{marino,
  author = {Riccardo Marino and Stefano Scalzi and Giusepee Orlando and Mariana
	Netto},
  title = {A Nested PID Steering Control for Lane Keeping in Vision Based Autonomous
	Vehicles},
  booktitle = {American Control Conference},
  year = {2009},
  month = {June},
  owner = {ddl},
  timestamp = {2014.03.01}
}

@ARTICLE{nagai,
  author = {M. Nagai and H Mouri and P Raksincharoensak},
  title = {Vehicle Lane-Tracking Control with Steering Torque Input},
  journal = {Vehicle System Dynamics Supplement},
  year = {2002},
  volume = {37},
  pages = {267-278},
  owner = {ddl},
  timestamp = {2014.03.01}
}

@BOOK{Pacejka2012,
  title = {Tire and Vehicle Dynamics},
  publisher = {Butterworth-Heinemann},
  year = {2012},
  author = {Hans B. Pacejka},
  edition = {3rd},
  owner = {DDL},
  timestamp = {2009.02.27}
}

@ARTICLE{falcone,
  author = {Paolo Falcone, Francesco Borrelli, Jahan Asgari, Hontei Eric Tseng,
	and Davor Hrovat},
  title = {Predictive Active Steering Control for Autonomous Vehicle Systems},
  journal = {IEEE Transactions on Control S},
  year = {2007},
  volume = {15},
  pages = {566-580},
  number = {3},
  owner = {ddl},
  timestamp = {2014.03.01}
}

@CONFERENCE{patwardhan,
  author = {Satyajit Patwardhan and Han-Shue Tan and Jurgen Gul},
  title = {A General Framework for Automatic Steering Control: System Analysis},
  booktitle = {Proceedings of the American Control Conference},
  year = {1997},
  owner = {ddl},
  timestamp = {2014.03.01}
}

@BOOK{rajamani,
  title = {Vehicle Dynamics and Control},
  publisher = {Springer-Verlag},
  year = {2012},
  editor = {Frederick F Ling},
  author = {Rajesh Rajamani},
  owner = {ddl},
  timestamp = {2014.03.01}
}

@PHDTHESIS{rosseter,
  author = {Eric J. Rossetter},
  title = {A Potential Field Framework for Active Vehicle Lankeeping Assistance},
  school = {Stanford University},
  year = {2003},
  owner = {ddl},
  timestamp = {2014.03.01}
}

@CONFERENCE{saleh,
  author = {Louay Saleh and Philippe Chevrel and Franck Mars and Jean-Francois
	Lafay and Fabien Claveau},
  title = {Human-like Cybernetic Model for Lane Keeping},
  booktitle = {Preprints of the 18th IFAC World Congress},
  year = {2011},
  owner = {ddl},
  timestamp = {2014.03.01}
}

@CONFERENCE{shladover,
  author = {Steven E. Shladover, Charles A. Desoer, J. Karl Hedrick, Masayoshi
	Tomizuka, Jean Walrand, Donn H McMahon, Huei Peng, Shahab Sheikholeslam,
	and Nick McKeown},
  title = {Automatic Vehicle Control Developments in the PATH Program},
  booktitle = {IEEE Transactions on Vehicular Technology},
  year = {1991},
  volume = {40},
  number = {1},
  month = {February},
  owner = {ddl},
  timestamp = {2014.03.01}
}

@CONFERENCE{switkes,
  author = {Joshua P. Switkes and J. Christian Gerdes},
  title = {Guaranteeing Lanekeeping Performance with Tire Saturation Using Computed
	Polynomial Lyapunov Functions},
  booktitle = {Proceedings of IMECE},
  year = {2005},
  owner = {ddl},
  timestamp = {2014.03.01}
}

@CONFERENCE{takahashi,
  author = {A Takahashi and N Asanuma},
  title = {Introduction of HONDA ASV-2},
  booktitle = {Proceedings of the IEE Intelligent Vehicles Symposium},
  year = {2000},
  month = {October},
  owner = {ddl},
  timestamp = {2014.03.10}
}

@CONFERENCE{talvala,
  author = {Kirstin L.R. Talvala and J. Christian Gerdes},
  title = {Lanekeeping at the Limits of Handling: Stability via Lyapunov Functions
	and a Comparison with Stability Control},
  booktitle = {Proceedings of DSCC},
  year = {2008},
  owner = {ddl},
  timestamp = {2014.03.01}
}

@CONFERENCE{theodosis,
  author = {Paul A. Theodosis and J. Christian Gerdes},
  title = {Generating a Racing Line for an Autonomous Racecar Using Professional
	Driving Techniques},
  booktitle = {Dynamic Systems and Control Conference},
  year = {2011},
  owner = {ddl},
  timestamp = {2014.03.07}
}

@ARTICLE{thrun,
  author = {Sebastian Thrun and Mike Montemerlo and Hendrik Dahlkamp},
  title = {Stanley: The Robot that Won the DARPA Grand Challenge},
  journal = {Journal of Field Robotics},
  year = {2006},
  volume = {23},
  pages = {661-692},
  number = {9},
  owner = {ddl},
  timestamp = {2014.03.01}
}

@CONFERENCE{tomizuka,
  author = {Masayoshi Tomizuka and M Tai and J-Y Wang and P. Hingwe},
  title = {Automated Lane Guidance of Commercial Vehicles},
  booktitle = {Proceedings of the 1999 IEEE},
  year = {1999},
  owner = {ddl},
  timestamp = {2014.03.01}
}

@CONFERENCE{turri,
  author = {Valerio Turri and Ashwin Carvalho and Hongtei Eric Tseg and Karl
	Hendrik},
  title = {Linear Model Predictive Control for Lane Keeping and Obstacle Avoidance
	on Low Curvature Roads},
  booktitle = {IEEE Annual Conference on Intelligent Transportation Systems},
  year = {2013},
  owner = {ddl},
  timestamp = {2014.03.01}
}

