% This file was created with JabRef 2.9.2.
% Encoding: Cp1252


@CONFERENCE{hindiyeh,
  author = {Rami Y. Hindiyeh and Kirstin L.R. Talvala and J. Christian Gerdes},
  title = {Lanekeeping at the Handling Limits},
  booktitle = {AVEC},
  year = {2008},
  owner = {ddl},
  timestamp = {2014.03.01}
}

@inproceedings{bristow2008,
  title={A Q,L Factorization of Norm-Optimal Iterative Learning Control},
  author={Bristow, Douglas A and Hencey, Brandon},
  booktitle={47th IEEE Conference on Decision and Control, 2008.},
  pages={2380--2384},
  year={2008},
  organization={IEEE}
}

@PHDTHESIS{mickthesis,
  author = {Krisada Kritayakirana},
  title = {Autonomous Vehicle Control at the Limits of Handling},
  school = {Stanford University},
  year = {2012},
  owner = {ddl},
  timestamp = {2014.03.04}
}

@ARTICLE{mickgeneral,
  author = {Krisada Kritayakirana and J. Christian Gerdes},
  title = {Autonomous Vehicle Control at the Limits of Handling},
  journal = {International Journal of Vehicle Autonomous Systems},
  year = {2012},
  volume = {10},
  pages = {271-296},
  number = {4},
  owner = {ddl},
  timestamp = {2014.03.01}
}


@BOOK{Pacejka2012,
  title = {Tire and Vehicle Dynamics},
  publisher = {Butterworth-Heinemann},
  year = {2012},
  author = {Hans B. Pacejka},
  edition = {3rd},
  owner = {DDL},
  timestamp = {2009.02.27}
}

@INPROCEEDINGS{rossetter2002,
  author = {Rossetter, Eric J and Gerdes, J Christian},
  title = {A study of lateral vehicle control under a virtual force framework},
  booktitle = {Proc. International Symposium on Advanced Vehicle Control,
	Hiroshima, Japan},
  year = {2002}
}


@INPROCEEDINGS{talvala,
  author = {Talvala, Kirstin L and Gerdes, J Christian},
  title = {Lanekeeping at the limits of handling: Stability via Lyapunov functions
	and a comparison with stability control},
  booktitle = {Dynamic Systems and Control Conference},
  year = {2008},
  pages = {361-368}
}

@INPROCEEDINGS{theodosis,
  author = {Theodosis, Paul A and Gerdes, John Christian},
  title = {Generating a Racing Line for an Autonomous Racecar Using Professional
	Driving Techniques},
  booktitle = {Dynamic Systems and Control Conference},
  year = {2011},
  pages = {853--860}
}

@INPROCEEDINGS{kapania,
  author = {Kapania, Nitin R and Gerdes, John Christian},
  title = {An Autonomous Lanekeeping System for Vehicle Path Tracking and Stability at the Limits of Handling},
  booktitle = {12th International Symposium on Advanced Vehicle Control},
  year = {2014},
}

@article{bristow,
  title={A survey of iterative learning control},
  author={Bristow, Douglas A and Tharayil, Marina and Alleyne, Andrew G},
  journal={Control Systems, IEEE},
  volume={26},
  number={3},
  pages={96--114},
  year={2006},
  publisher={IEEE}
}

@article{huang,
  title={High-performance tracking of piezoelectric positioning stage using current-cycle iterative learning control with gain scheduling},
  author={Huang, Deqing and Xu, Jian-Xin and Venkataramanan, Venkatakrishnan and Huynh, TCT},
  journal={IEEE Trans. on Industrial Electronics},
  volume={61},
  number={2},
  pages={1085--1098},
  year={2014},
  publisher={IEEE}
}

@article{freeman,
  title={Iterative learning control with mixed constraints for point-to-point tracking},
  author={Freeman, Chris T and Tan, Ying},
  journal={IEEE Trans. on Control Systems Technology},
  volume={21},
  number={3},
  pages={604--616},
  year={2013},
  publisher={IEEE}
}

@article{rogers,
  title={Norm-Optimal Iterative Learning Control with Application to Problems in Accelerator-Based Free Electron Lasers and Rehabilitation Robotics},
  author={Rogers, Eric and Owens, David H and Werner, Herbert and Freeman, Chris T and Lewin, Paul L and Kichhoff, Stefan and Schmidt, Christian and Lichtenberg, Gerwald},
  journal={European Journal of Control},
  volume={16},
  number={5},
  pages={497--522},
  year={2010},
  publisher={Elsevier}
}

@article{sun,
  title={Coordinated iterative learning control schemes for train trajectory tracking with overspeed protection},
  author={Sun, Heqing and Hou, Zhongsheng and Li, Dayou},
  journal={IEEE Trans. on Automation Science and Engineering},
  volume={10},
  number={2},
  pages={323--333},
  year={2013},
  publisher={IEEE}
}

@inproceedings{mohammad,
  title={Iterative learning control for fault-tolerance in multi-phase permanent-magnet machines},
  author={Mohammadpour, Ali and Mishra, Sandipan and Parsa, Leila},
  booktitle={American Control Conference (ACC), 2013},
  pages={5929--5934},
  year={2013},
  organization={IEEE}
}

@article{purwin,
  title={Performing and extending aggressive maneuvers using iterative learning control},
  author={Purwin, Oliver and Dâ€™Andrea, Raffaello},
  journal={Robotics and Autonomous Systems},
  volume={59},
  number={1},
  pages={1--11},
  year={2011},
  publisher={Elsevier}
}

@article{hoelzle,
  title={Basis task approach to iterative learning control with applications to micro-robotic deposition},
  author={Hoelzle, David J and Alleyne, Andrew G and Johnson, Amy J Wagoner},
  journal={IEEE Trans. on Control Systems Technology},
  volume={19},
  number={5},
  pages={1138--1148},
  year={2011},
  publisher={IEEE}
}

@article{hladowski,
  title={Experimentally supported 2D systems based iterative learning control law design for error convergence and performance},
  author={Hladowski, Lukasz and Galkowski, Krzysztof and Cai, Zhonglun and Rogers, Eric and Freeman, Chris T and Lewin, Paul L},
  journal={Control Engineering Practice},
  volume={18},
  number={4},
  pages={339--348},
  year={2010},
  publisher={Elsevier}
}

@article{chen,
  title={A Practical Iterative Learning Path-Following Control Of An Omni-Directional Vehicle},
  author={Chen, Yang Quan and Moore, Kevin L},
  journal={Asian Journal of Control},
  volume={4},
  number={1},
  pages={90--98},
  year={2002},
  publisher={Wiley Online Library}
}

@inproceedings{funke,
  title={Simple Clothoid Paths for Autonomous Vehicle Lane Changes at the Limits of Handling},
  author={Funke, Joseph and Gerdes, J Christian},
  booktitle={ASME 2013 Dynamic Systems and Control Conference},
  pages={V003T47A003--V003T47A003},
  year={2013},
  organization={American Society of Mechanical Engineers}
}
@article{turri,
  title={Linear Model Predictive Control for Lane Keeping and Obstacle Avoidance on Low Curvature Roads},
  author={Turri, Valerio and Carvalho, Ashwin and Tseng, Hongtei and Johansson, Karl Henrik and Borrelli, Francesco},
  year={2013}
}

