% This file was created with JabRef 2.9.2.
% Encoding: Cp1252

@ARTICLE{ackermann,
  author = {Jurgen Ackermann and Jurgen Guldner and Wolfgang Sienel and Reinhold
	Steinhauser and Vadim I. Utkin},
  title = {Linear and Nonlinear Control Design for Robust Automatic Steering},
  journal = {IEEE Transactions on Control},
  year = {1995},
  volume = {3},
  pages = {132-143},
  owner = {ddl},
  timestamp = {2014.03.01}
}

@article{gordon,
  title={An automated driver based on convergent vector fields},
  author={Gordon, TJ and Best, Matt C and Dixon, PJ},
  journal={Proceedings of the Institution of Mechanical Engineers, Part D: Journal of Automobile Engineering},
  volume={216},
  number={4},
  pages={329--347},
  year={2002},
}

@article{klomp,
  title={On optimal recovery from terminal understeer},
  author={Klomp, Matthijs and Lidberg, Mathias and Gordon, Timothy J},
  journal={Proceedings of the Institution of Mechanical Engineers, Part D: Journal of Automobile Engineering},
  year={2014},
}

@article{guldner,
  title={Analysis of automatic steering control for highway vehicles with look-down lateral reference systems},
  author={Guldner, J{\"u}rgen and Tan, Han-Shue and Patwardhan, Satyajit},
  journal={Vehicle System Dynamics},
  volume={26},
  number={4},
  pages={243--269},
  year={1996},
}

@article{morari,
  title={Optimization-based autonomous racing of 1:43 scale {RC} cars},
  author={Liniger, Alexander and Domahidi, Alexander and Morari, Manfred},
  journal={Optimal Control Applications and Methods},
  volume={36},
  number={5},
  pages={628--647},
  year={2015},
}

@ARTICLE{amditis,
  author = {Angelos Amditis and Matthaios Bimpas and George Thomadis and Manolis
	Tsogas},
  title = {A Situation-Adaptive Lane-Keeping Support System: Overview of the
	SAFELANE Approach},
  journal = {IEEE Transactions on Intelligent Transportation Systems},
  year = {2010},
  volume = {11},
  pages = {617-629},
  owner = {ddl},
  timestamp = {2014.03.01}
}

@INPROCEEDINGS{brechtel, 
author={Brechtel, S. and Gindele, T. and Dillmann, R.}, 
booktitle={IEEE 17th International Conference on Intelligent Transportation Systems (ITSC)}, 
title={Probabilistic decision-making under uncertainty for autonomous driving using continuous {POMDPs}}, 
year={2014}, 
pages={392-399}, 
month={Oct}
}

@INPROCEEDINGS{wei, 
author={Junqing Wei and Dolan, J.M. and Snider, J.M. and Litkouhi, B.}, 
booktitle={IEEE International Conference onRobotics and Automation (ICRA)}, 
title={A point-based {MDP} for robust single-lane autonomous driving behavior under uncertainties}, 
year={2011}, 
pages={2586-2592}, 
month={May}
}

@inproceedings{kapaniaacc,
  title={Path tracking of highly dynamic autonomous vehicle trajectories via iterative learning control},
  author={Kapania, Nitin R and Gerdes, J Christian},
  booktitle={American Control Conference (ACC)},
  pages={2753--2758},
  year={2015},
}

@inproceedings{kapaniadscc,
  title={A Sequential Two-Step Algorithm for Fast Generation of Vehicle Racing Trajectories},
  author={Kapania, Nitin R and Subosits, John and Gerdes, J Christian},
  booktitle={ASME 2015 Dynamic Systems and Control Conference},
  year={2015},
  organization={American Society of Mechanical Engineers}
}

@INPROCEEDINGS{ulbrich, 
author={Ulbrich, S. and Maurer, M.}, 
booktitle={IEEE 16th International Conference on Intelligent Transportation Systems (ITSC)}, 
title={Probabilistic online {POMDP} decision making for lane changes in fully automated driving}, 
year={2013}, 
pages={2063-2067}, 
month={Oct},
}

@ARTICLE{arimoto,
  author = {Arimoto, Suguru and Kawamura, Sadao and Miyazaki, Fumio},
  title = {Bettering operation of robots by learning},
  journal = {Journal of Robotic Systems},
  year = {1984},
  volume = {1},
  pages = {123--140},
  number = {2},
  publisher = {Wiley Online Library}
}

@MISC{McK,
  author = {Michele Bertoncello and Dominik Wee},
  title = {Ten ways autonomous driving could redefine the automotive world},
  howpublished = {http://www.mckinsey.com},
  month = {June},
  year = {2015},
  editor = {Michele Bertoncello, Dominik Wee},
  organization = {McKinsey and Company}
}

@ARTICLE{braghin,
  author = {Braghin, F and Cheli, F and Melzi, S and Sabbioni, E},
  title = {Race driver model},
  journal = {Computers \& Structures},
  year = {2008},
  volume = {86},
  pages = {1503--1516},
  number = {13},
  publisher = {Elsevier}
}

@INPROCEEDINGS{brandt,
  author = {Thorsten Brandt and Thomas Settel and Michael Bohm},
  title = {Combining haptic human-machine interaction with predictive path planning
	for lane-keeping and collision avoidance systems},
  booktitle = {IEEE Intelligent Vehicles Symposium},
  year = {2007},
  pages = {582-587},
  owner = {ddl},
  timestamp = {2014.03.01}
}

@INPROCEEDINGS{bristow2008,
  author = {Bristow, Douglas A and Hencey, Brandon},
  title = {A {Q,L} Factorization of Norm-Optimal Iterative Learning Control},
  booktitle = {47th IEEE Conference on Decision and Control (CDC)},
  year = {2008},
  pages = {2380--2384}
}

@ARTICLE{bristow,
  author = {Bristow, Douglas A and Tharayil, Marina and Alleyne, Andrew G},
  title = {A survey of iterative learning control},
  journal = {IEEE Control Systems},
  year = {2006},
  volume = {26},
  pages = {96--114},
  number = {3},
  publisher = {IEEE}
}

@INPROCEEDINGS{cardamone,
  author = {Cardamone, Luigi and Loiacono, Daniele and Lanzi, Pier Luca and Bardelli,
	Alessandro Pietro},
  title = {Searching for the optimal racing line using genetic algorithms},
  booktitle = {IEEE Symposium on Computational Intelligence and Games (CIG)},
  year = {2010},
  pages = {388--394}
}

@INPROCEEDINGS{carvalho13,
  author = {Carvalho, A and Gao, Y and Gray, A and Tseng, H and Borrelli, F},
  title = {Predictive control of an autonomous ground vehicle using an iterative
	linearization approach},
  booktitle = {16th IEEE Conference on Intelligent Transportation Systems (ITSC)},
  year = {2013},
  pages = {2335--2340}
}

@INPROCEEDINGS{casalino,
  author = {Casalino, Giuseppe and Bartolini, Giorgio},
  title = {A learning procedure for the control of movements of robotic manipulators},
  booktitle = {IASTED symposium on robotics and automation},
  year = {1984},
  pages = {108--111}
}

@PHDTHESIS{casanova,
  author = {Casanova, D},
  title = {On minimum time vehicle manoeuvring: {The} theoretical optimal lap},
  school = {Cranfield University},
  year = {2000},
  owner = {ddl},
  timestamp = {2015.12.16}
}

@INPROCEEDINGS{decastro,
  author = {de Castro, Ricardo and Tanelli, Mara and Ara{\'u}jo, Rui Esteves
	and Savaresi, Sergio M},
  title = {Minimum-time path following in highly redundant electric vehicles},
  booktitle = {Proceedings of the 19th IFAC World Congress},
  year = {2014}
}

@ARTICLE{cerone,
  author = {Vito Cerone and Mario Milanese and Diego Regruto},
  title = {Combined Automatic Lane-Keeping and Driver's Steering Through a 2-DOF
	Control Strategy},
  journal = {IEEE Transactions on Control Systems Technology},
  year = {2009},
  volume = {17},
  pages = {135-142},
  number = {1},
  owner = {ddl},
  timestamp = {2014.03.01}
}

@INPROCEEDINGS{chen,
  author = {Changfang Chen and Yingmin Jia and Junping Du and Fashan Yu},
  title = {Lane keeping control for autonomous {4WS4WD} vehicles subject to
	wheel slip constraint},
  booktitle = {American Control Conference (ACC)},
  year = {2012},
  pages = {6515-6520}
}

@ARTICLE{chenYQ,
  author = {Chen, Yang Quan and Moore, Kevin L},
  title = {A Practical Iterative Learning Path-Following Control Of An Omni-Directional
	Vehicle},
  journal = {Asian Journal of Control},
  year = {2002},
  volume = {4},
  pages = {90--98},
  number = {1},
  publisher = {Wiley Online Library}
}

@MISC{hocky,
  author = {Jeff Cobb},
  title = {Driverless {Audi RS7} Blazes Around {Hockenheim} Circuit},
  howpublished = {http://www.hybridcars.com/driverless-audi-rs7-blazes-around-hockenheim-race-circuit},
  month = {October},
  year = {2014},
  owner = {ddl},
  timestamp = {2015.12.16}
}

@INPROCEEDINGS{craig,
  author = {Craig, John J},
  title = {Adaptive control of manipulators through repeated trials},
  booktitle = {American Control Conference (ACC)},
  year = {1984},
  pages = {1566--1573}
}

@ARTICLE{cremean,
  author = {Cremean, Lars B. and Foote, Tully B. and Gillula, Jeremy H. and Hines,
	George H. and Kogan, Dmitriy and Kriechbaum, Kristopher L. and Lamb,
	Jeffrey C. and Leibs, Jeremy and Lindzey, Laura and Rasmussen, Christopher
	E. and Stewart, Alexander D. and Burdick, Joel W. and Murray, Richard
	M.},
  title = {Alice: An information-rich autonomous vehicle for high-speed desert
	navigation},
  journal = {Journal of Field Robotics},
  year = {2006},
  volume = {23},
  pages = {777--810},
  number = {9},
  doi = {10.1002/rob.20135},
  issn = {1556-4967},
  publisher = {Wiley Subscription Services, Inc., A Wiley Company},
  url = {http://dx.doi.org/10.1002/rob.20135}
}

@TECHREPORT{jendang,
  author = {Jennifer N Dang},
  title = {Statistical analysis of the effectiveness of electronic stability
	
	control {(ESC)} systems},
  institution = {NHTSA},
  year = {2007},
  owner = {ddl},
  timestamp = {2016.02.11}
}

@MISC{alexdavies,
  author = {Alex Davies},
  title = {{GM} Has ‘Aggressive’ Plans for Self-Driving Cars},
  howpublished = {http://www.wired.com/2015/10/gm-has-aggressive-plans-for-self-driving-cars/},
  month = {October},
  year = {2015},
  owner = {ddl},
  timestamp = {2016.02.11}
}

@MISC{deaton,
  author = {Jamie Paige Deaton},
  title = {Top 10 Everyday Car Technologies That Came From Racing},
  howpublished = {http://auto.howstuffworks.com/under-the-hood/trends-innovations/top-10-car-tech-from-racing.htm},
  month = {August},
  year = {2008},
  organization = {How Stuff Works},
  owner = {ddl},
  timestamp = {2015.12.27},
  url = {auto.howstuffworks.com/under-the-hood/trends-innovations/top-10-car-tech-from-racing.htm}
}

@BOOK{diehl,
  title = {Recent Advances in Optimization and its Applications in Engineering},
  publisher = {Springer},
  year = {2010},
  author = {Moritz Diehl AND Francois Glineur AND Elias Jarlebring AND Wim Michiels},
  owner = {ddl},
  timestamp = {2016.02.10}
}

@ARTICLE{ono,
  author = {Eiichi Ono, Shigeyuki Hosoe, Hoang De. Tuan, and Shun'ichi Doi},
  title = {Bifurcation in Vehicle Dynamics and Robust Front Wheel Steering Control},
  journal = {IEEE Transactions on Control Systems Technology},
  year = {1998},
  volume = {6},
  pages = {412-420},
  owner = {ddl},
  timestamp = {2014.03.01}
}

@INPROCEEDINGS{enache2,
  author = {Nicoleta Enache and Stephane Guegan and Francois Desnoyer and Helene
	Vorobieva},
  title = {Lane Keeping and Lane Departure Avoidance by Rear Wheels Steering},
  booktitle = {Intelligent Vehicles Symposium (IV)},
  year = {2012},
  pages = {359-364},
  owner = {ddl},
  timestamp = {2014.03.01}
}

@ARTICLE{enache,
  author = {Nicoleta Enache and Netto, Mariana and Mammar, Said and Lusetti,
	Benoit},
  title = {Driver steering assistance for lane departure avoidance},
  journal = {Control Engineering Practice},
  year = {2009},
  volume = {17},
  pages = {642-651},
  number = {6}
}

@INPROCEEDINGS{erlien,
  author = {Erlien, Stephen and Fujita, Susumu and Gerdes, J Christian},
  title = {Safe driving envelopes for shared control of ground vehicles},
  booktitle = {Advances in Automotive Control},
  year = {2013},
  volume = {7},
  number = {1},
  pages = {831--836}
}

@PHDTHESIS{stevethesis,
  author = {Stephen M Erlien},
  title = {Shared vehicle control using safe driving envelopes for obstacle
	avoidance and stability},
  school = {Stanford University},
  year = {2015},
  owner = {ddl},
  timestamp = {2015.12.16}
}

@INPROCEEDINGS{erlienACC,
  author = {Erlien, Stephen M and Funke, Joseph and Gerdes, J Christian},
  title = {Incorporating non-linear tire dynamics into a convex approach to
	shared steering control},
  booktitle = {American Control Conference (ACC)},
  year = {2014},
  pages = {3468--3473}
}

@ARTICLE{falcone,
  author = {Falcone, P. and Borrelli, F. and Asgari, J. and Tseng, H.E. and Hrovat,
	D.},
  title = {Predictive Active Steering Control for Autonomous Vehicle Systems},
  journal = {IEEE Transactions on Control Systems Technology},
  year = {2007},
  volume = {15},
  pages = {566-580},
  number = {3},
  month = {May},
  doi = {10.1109/TCST.2007.894653},
  issn = {1063-6536},
  keywords = {computational complexity;position control;predictive control;remotely
	operated vehicles;robot dynamics;stability;steering systems;autonomous
	vehicle systems;computational complexity;model predictive control;nonlinear
	vehicle model;predictive active steering control;vehicle dynamics
	control;Computational complexity;Computational modeling;Control systems;Mobile
	robots;Predictive control;Predictive models;Remotely operated vehicles;Roads;Steering
	systems;Testing;Active steering;autonomous vehicles;model predictive
	control;nonlinear optimization;vehicle dynamics control;vehicle stability}
}

@INPROCEEDINGS{filho14,
  author = {Carlos Filho and Denis Wolf},
  title = {Dynamic inversion-based control for front wheel drive autonomous
	ground vehicles near the limits of handling},
  booktitle = {IEEE International Conference on Intelligent Transportation Systems
	(ITSC)},
  year = {2014},
  pages = {2138--2143}
}

@ARTICLE{freeman,
  author = {Freeman, Chris T and Tan, Ying},
  title = {Iterative learning control with mixed constraints for point-to-point
	tracking},
  journal = {IEEE Transactions on Control Systems Technology},
  year = {2013},
  volume = {21},
  pages = {604--616},
  number = {3},
  publisher = {IEEE}
}

@PHDTHESIS{joethesis,
  author = {Joe Funke},
  title = {Collision avoidance up to the handling limits for autonomous vehicles},
  school = {Stanford University},
  year = {2015},
  owner = {ddl},
  timestamp = {2015.12.16}
}

@INPROCEEDINGS{funkeIV,
  author = {Funke, Joseph and Brown, Matthew and Erlien, Stephen M and Gerdes,
	J Christian},
  title = {Prioritizing collision avoidance and vehicle stabilization for autonomous
	vehicles},
  booktitle = {IEEE Intelligent Vehicles Symposium (IV)},
  year = {2015},
  pages = {1134--1139}
}

@INPROCEEDINGS{funke,
  author = {Funke, Joseph and Gerdes, J Christian},
  title = {Simple Clothoid Paths for Autonomous Vehicle Lane Changes at the
	Limits of Handling},
  booktitle = {ASME 2013 Dynamic Systems and Control Conference},
  year = {2013},
  pages = {V003T47A003--V003T47A003},
  organization = {American Society of Mechanical Engineers}
}

@TECHREPORT{gadola,
  author = {Gadola, Marco and Vetturi, David and Cambiaghi, Danilo and Manzo,
	Luca},
  title = {A tool for lap time simulation},
  institution = {SAE Technical Paper},
  year = {1996}
}

@ARTICLE{gerdes,
  author = {J. Christian Gerdes and Eric J. Rossetter and Ursina Saur},
  title = {Combining Lankeeping and Vehicle Following with Hazard Maps},
  journal = {Vehicle System Dynamics: International Journal of Vehicle Mechanics
	and Mobility},
  year = {2001},
  volume = {36},
  pages = {391-411},
  owner = {ddl},
  timestamp = {2014.03.01}
}

@ARTICLE{gerdts,
  author = {Gerdts, Matthias and Karrenberg, Simon and M{\"u}ller-Be{\ss}ler,
	Bernhard and Stock, Gregor},
  title = {Generating locally optimal trajectories for an automatically driven
	car},
  journal = {Optimization and Engineering},
  year = {2009},
  volume = {10},
  pages = {439--463},
  number = {4},
  publisher = {Springer}
}

@MISC{boydcvx,
  author = {Michael Grant and Stephen Boyd},
  title = {{CVX}: Matlab Software for Disciplined Convex Programming, version
	2.1},
  howpublished = {http://cvxr.com/cvx},
  month = mar,
  year = {2014}
}

@ARTICLE{griffiths,
  author = {Griffiths, R},
  title = {Minimum Time Simulation of a Racing Car},
  journal = {School of Mechanical Engineering, Cranfield University, MSc thesis},
  year = {1992}
}

@MISC{ppeak,
  author = {Mike Hanlon},
  title = {Audi's Autonomous {Audi TT} conquers {Pikes Peak} - how long before
	it betters a human driver?},
  howpublished = {http://www.gizmag.com/audis-autonomous-audi-tt-conquers-pikes-peak-how-long-before-it-betters-a-human-driver/17001/},
  month = {November},
  year = {2010},
  owner = {ddl},
  timestamp = {2016.02.08}
}

@BOOK{tibstibs,
  title = {The Elements of Statistical Learning},
  publisher = {Springer},
  year = {2009},
  author = {Trevor Hastie AND Robert Tibshirani AND Jerome Friedman},
  owner = {ddl},
  timestamp = {2016.02.10}
}

@ARTICLE{hendrikx,
  author = {Hendrikx, JPM and Meijlink, TJJ and Kriens, RFC},
  title = {Application of optimal control theory to inverse simulation of car
	handling},
  journal = {Vehicle System Dynamics},
  year = {1996},
  volume = {26},
  pages = {449--461},
  number = {6}
}

@ARTICLE{rami,
  author = {Hindiyeh, Rami Y and Gerdes, J Christian},
  title = {A Controller Framework for Autonomous Drifting: Design, Stability,
	and Experimental Validation},
  journal = {Journal of Dynamic Systems, Measurement, and Control},
  year = {2014},
  volume = {136},
  pages = {051015},
  number = {5},
  publisher = {American Society of Mechanical Engineers}
}

@INPROCEEDINGS{hindiyeh,
  author = {Rami Y. Hindiyeh and Kirstin L.R. Talvala and J. Christian Gerdes},
  title = {Lanekeeping at the Handling Limits},
  booktitle = {International Symposium on Advanced Vehicle Control (AVEC)},
  year = {2008},
  owner = {ddl},
  timestamp = {2014.03.01}
}

@INPROCEEDINGS{hingwe,
  author = {Hingwe, P and Tomizuka, M},
  title = {A variable look-ahead controller for lateral guidance of four wheeled
	vehicles},
  booktitle = {American Control Conference (ACC)},
  year = {1998},
  pages = {31-35},
  doi = {10.1109/ACC.1998.694619},
  issn = {0743-1619},
  keywords = {automated highways;closed loop systems;dynamics;feedback;linearisation
	techniques;position control;road vehicles;stability;velocity control;automated
	highway;closed loop systems;feedback;four wheeled vehicles;input-output
	linearization;lateral guidance;longitudinal velocity;look-ahead distance;stability;variable
	look-ahead controller;velocity control;yaw internal dynamics;Automated
	highways;Automatic control;Equations;Error correction;Mechanical
	engineering;Mechanical variables control;Navigation;Road vehicles;Sliding
	mode control;Vehicle dynamics}
}

@ARTICLE{hladowski,
  author = {Hladowski, Lukasz and Galkowski, Krzysztof and Cai, Zhonglun and
	Rogers, Eric and Freeman, Chris T and Lewin, Paul L},
  title = {Experimentally supported {2D} systems based iterative learning control
	law design for error convergence and performance},
  journal = {Control Engineering Practice},
  year = {2010},
  volume = {18},
  pages = {339--348},
  number = {4},
  publisher = {Elsevier}
}

@ARTICLE{hoelzle,
  author = {Hoelzle, David J and Alleyne, Andrew G and Johnson, Amy J Wagoner},
  title = {Basis task approach to iterative learning control with applications
	to micro-robotic deposition},
  journal = {IEEE Trans. on Control Systems Technology},
  year = {2011},
  volume = {19},
  pages = {1138--1148},
  number = {5},
  publisher = {IEEE}
}

@ARTICLE{huang,
  author = {Huang, Deqing and Xu, Jian-Xin and Venkataramanan, Venkatakrishnan
	and Huynh, TCT},
  title = {High-performance tracking of piezoelectric positioning stage using
	current-cycle iterative learning control with gain scheduling},
  journal = {IEEE Trans. on Industrial Electronics},
  year = {2014},
  volume = {61},
  pages = {1085--1098},
  number = {2},
  publisher = {IEEE}
}

@MISC{iglauer,
  author = {Philip Iglauer},
  title = {Hyundai to develop fully autonomous cars by 2030},
  howpublished = {http://www.zdnet.com/article/hyundai-to-develop-fully-autonomous-cars-by-2030/},
  month = {November},
  year = {2015},
  owner = {ddl},
  timestamp = {2016.02.11}
}

@ARTICLE{imine,
  author = {H Imine and T Madani},
  title = {Sliding-mode Control for Automated Lane Guidance of Heavy Vehicle},
  journal = {International Journal of Robust and Nonlinear Control},
  year = {2013},
  volume = {23},
  pages = {67-76},
  owner = {ddl},
  timestamp = {2014.03.01}
}

@ARTICLE{jo2015,
  author = {Jo, Kichun and Jo, Yongwoo and Suhr, Jae Kyu and Jung, Ho Gi and
	Sunwoo, Myoungho},
  title = {Precise Localization of an Autonomous Car Based on Probabilistic
	Noise Models of Road Surface Marker Features Using Multiple Cameras},
  journal = {IEEE Transactions on Intelligent Transportation Systems},
  year = {2015},
  volume = {16},
  pages = {3377--3392},
  number = {6},
  publisher = {IEEE}
}

@MISC{curtis,
  author = {Curtis Franklin Jr.},
  title = {Ford's Autonomous Car: {Under} The Hood},
  howpublished = {http://www.informationweek.com/iot/fords-autonomous-car-under-the-hood/a/d-id/1323920},
  month = {January},
  year = {2016},
  owner = {ddl},
  timestamp = {2016.02.11}
}

@ARTICLE{kapania,
  author = {Nitin R. Kapania and J. Christian Gerdes},
  title = {Design of a feedback-feedforward steering controller for accurate
	path tracking and stability at the limits of handling},
  journal = {Vehicle System Dynamics},
  year = {2015},
  volume = {53},
  pages = {1687-1704},
  number = {12}
}

@ARTICLE{kapaniaVSD,
  author = {Kapania, Nitin R and Gerdes, J Christian},
  title = {Design of a feedback-feedforward steering controller for accurate
	path tracking and stability at the limits of handling},
  journal = {Vehicle System Dynamics},
  year = {2015},
  pages = {1--18},
  number = {ahead-of-print},
  publisher = {Taylor \& Francis}
}

@INPROCEEDINGS{katz12,
  author = {Katzourakis, Diomidis and Velenis, Efstathios and Holweg, Edward
	and Happee, Riender},
  title = {Haptic steering support when driving at the tiresâ€™ cornering limits},
  booktitle = {Proc. 11th Int. Symp. AVEC},
  year = {2012},
  pages = {1--6}
}

@INPROCEEDINGS{kawamura,
  author = {Kawamura, Sadao and Miyazaki, Fumio and Arimoto, Suguru},
  title = {Iterative learning control for robotic systems},
  booktitle = {Proc. of IECON},
  year = {1984},
  volume = {84},
  pages = {393--398}
}

@PHDTHESIS{kelly,
  author = {Daniel Patrick Kelly},
  title = {Lap time simulation with transient vehicle and tyre dynamics},
  school = {Cranfield University},
  year = {2008}
}

@MISC{heatherkelly,
  author = {Heather Kelly},
  title = {Toyota to invest \$1 billion into artificial intelligence},
  howpublished = {http://money.cnn.com/2015/11/05/technology/toyota-ai-research/},
  month = {November},
  year = {2015},
  owner = {ddl},
  timestamp = {2016.02.11}
}

@ARTICLE{kimdi,
  author = {Kim, Dong-II and Kim, Sungkwun},
  title = {An iterative learning control method with application for {CNC} machine
	tools},
  journal = {IEEE Transactions on Industry Applications},
  year = {1996},
  volume = {32},
  pages = {66--72},
  number = {1}
}

@PHDTHESIS{mickthesis,
  author = {Krisada Kritayakirana},
  title = {Autonomous vehicle control at the limits of handling},
  school = {Stanford University},
  year = {2012},
  owner = {ddl},
  timestamp = {2014.03.04}
}

@ARTICLE{mickcop,
  author = {Krisada Kritayakirana and J. Christian Gerdes},
  title = {Using the center of percussion to design a steering control for an
	autonomous racecar},
  journal = {Vehicle System Dynamics},
  year = {2012},
  volume = {50},
  pages = {33-51},
  owner = {ddl},
  timestamp = {2014.03.05}
}

@ARTICLE{mickgeneral,
  author = {Krisada Kritayakirana and J. Christian Gerdes},
  title = {Autonomous Vehicle Control at the Limits of Handling},
  journal = {International Journal of Vehicle Autonomous Systems},
  year = {2012},
  volume = {10},
  pages = {271-296},
  number = {4},
  owner = {ddl},
  timestamp = {2014.03.01}
}

@INPROCEEDINGS{lauer,
  author = {Lauer, Martin},
  title = {A case study on learning a steering controller from scratch with
	reinforcement learning},
  booktitle = {IEEE Intelligent Vehicles Symposium (IV)},
  year = {2011},
  pages = {260--265}
}

@ARTICLE{lipp,
  author = {Lipp, Thomas and Boyd, Stephen},
  title = {Minimum-time speed optimisation over a fixed path},
  journal = {International Journal of Control},
  year = {2014},
  volume = {87},
  pages = {1297--1311},
  number = {6},
  publisher = {Taylor \& Francis}
}

@INPROCEEDINGS{liuILI,
  author = {Liu, Nanjun and Alleyne, Andrew G},
  title = {Iterative learning identification for an automated off-highway vehicle},
  booktitle = {American Control Conference (ACC)},
  year = {2011},
  pages = {4299--4304}
}

@ARTICLE{mully,
  author = {M{\"u}hlmeier, Martin and M{\"u}ller, Norbert},
  title = {Optimisation of the Driving Line on a Race Track},
  journal = {Auto Technology},
  year = {2003},
  volume = {3},
  pages = {68--71},
  number = {2},
  publisher = {Springer}
}

@ARTICLE{bessyboy,
  author = {M{\"u}ller-Be{\ss}ler, Dipl-Wirtsch-Ing Bernhard and Henze, Ing Roman
	and K{\"u}{\c{c}}{\"u}kay, Ing Ferit},
  title = {Reproducible transverse dynamics vehicle evaluation in the double
	lane change},
  journal = {ATZ worldwide},
  year = {2008},
  volume = {110},
  pages = {44--49},
  number = {4},
  publisher = {Springer}
}

@INPROCEEDINGS{mammar2010,
  author = {Said Mammar and Nicoleta Enache and Sebastien Glaser and Benoit Lusetti
	and Andre Benine Neto},
  title = {Lanekeeping automation at tire saturation},
  booktitle = {American Control Conference (ACC)},
  year = {2010},
  owner = {ddl},
  timestamp = {2014.03.01}
}

@ARTICLE{mammar,
  author = {Said Mammar and Damien Koenig},
  title = {Vehicle Handling Improvement by Active Steering},
  journal = {Vehicle System Dynamics},
  year = {2002},
  volume = {38},
  pages = {211-242},
  owner = {ddl},
  timestamp = {2014.03.01}
}

@CONFERENCE{marino,
  author = {Riccardo Marino and Stefano Scalzi and Giusepee Orlando and Mariana
	Netto},
  title = {A Nested PID Steering Control for Lane Keeping in Vision Based Autonomous
	Vehicles},
  booktitle = {American Control Conference (ACC)},
  year = {2009},
  month = {June},
  owner = {ddl},
  timestamp = {2014.03.01}
}

@ARTICLE{boydcvxgen,
  author = {Mattingley, Jacob and Boyd, Stephen},
  title = {{CVXGEN}: a code generator for embedded convex optimization},
  journal = {Optimization and Engineering},
  year = {2012},
  volume = {13},
  pages = {1--27},
  number = {1},
  publisher = {Springer}
}

@INPROCEEDINGS{mohammad,
  author = {Mohammadpour, Ali and Mishra, Sandipan and Parsa, Leila},
  title = {Iterative learning control for fault-tolerance in multi-phase permanent-magnet
	machines},
  booktitle = {American Control Conference (ACC)},
  year = {2013},
  pages = {5929--5934}
}

@ARTICLE{junior08,
  author = {Montemerlo, Michael and Becker, Jan and Bhat, Suhrid and Dahlkamp,
	Hendrik and Dolgov, Dmitri and Ettinger, Scott and Haehnel, Dirk
	and Hilden, Tim and Hoffmann, Gabe and Huhnke, Burkhard and others},
  title = {Junior: The {Stanford} entry in the {Urban Challenge}},
  journal = {Journal of Field Robotics},
  year = {2008},
  volume = {25},
  pages = {569--597},
  number = {9},
  publisher = {Wiley Online Library}
}

@ARTICLE{fricStudy,
  author = {Muller, Steffen and Uchanski, Michael and Hedrick, Karl},
  title = {Estimation of the maximum tire-road friction coefficient},
  journal = {Journal of Dynamic Systems, Measurement, and Control},
  year = {2003},
  volume = {125},
  pages = {607--617},
  number = {4},
  publisher = {American Society of Mechanical Engineers}
}

@ARTICLE{nagai,
  author = {M Nagai and H Mouri and P Raksincharoensak},
  title = {Vehicle Lane-Tracking Control with Steering Torque Input},
  journal = {Vehicle System Dynamics Supplement},
  year = {2002},
  volume = {37},
  pages = {267-278},
  owner = {ddl},
  timestamp = {2014.03.01}
}

@INCOLLECTION{ng2006,
  author = {Ng, Andrew Y and Coates, Adam and Diel, Mark and Ganapathi, Varun
	and Schulte, Jamie and Tse, Ben and Berger, Eric and Liang, Eric},
  title = {Autonomous inverted helicopter flight via reinforcement learning},
  booktitle = {Experimental Robotics IX},
  publisher = {Springer},
  year = {2006},
  pages = {363--372}
}

@BOOK{Pacejka2012,
  title = {Tire and Vehicle Dynamics},
  publisher = {Butterworth-Heinemann},
  year = {2012},
  author = {Hans B Pacejka},
  edition = {3rd},
  owner = {DDL},
  timestamp = {2009.02.27}
}

@INPROCEEDINGS{patwardhan,
  author = {Patwardhan, Satyajit and Han-Shue Tan and Guldner, J},
  title = {A general framework for automatic steering control: system analysis},
  booktitle = {American Control Conference (ACC)},
  year = {1997},
  pages = {1598-1602}
}

@ARTICLE{perantoni,
  author = {Perantoni, Giacomo and Limebeer, David JN},
  title = {Optimal control for a {Formula One} car with variable parameters},
  journal = {Vehicle System Dynamics},
  year = {2014},
  volume = {52},
  pages = {653--678},
  number = {5},
  publisher = {Taylor \& Francis}
}

@ARTICLE{purwin,
  author = {Purwin, Oliver and Dâ€™Andrea, Raffaello},
  title = {Performing and extending aggressive maneuvers using iterative learning
	control},
  journal = {Robotics and Autonomous Systems},
  year = {2011},
  volume = {59},
  pages = {1--11},
  number = {1},
  publisher = {Elsevier}
}

@INPROCEEDINGS{raharijaona,
  author = {Raharijaona, T and Duc, G and Mammar, S},
  title = {Robust Control and $\mu$-analysis with application to Lateral Driving
	Assistance},
  booktitle = {Proceedings of IEEE Intelligent Transportation Systems},
  year = {2003},
  pages = {247-252}
}

@BOOK{rajamani,
  title = {Vehicle Dynamics and Control},
  publisher = {Springer-Verlag},
  year = {2012},
  editor = {Frederick F Ling},
  author = {Rajesh Rajamani},
  owner = {ddl},
  timestamp = {2014.03.01}
}

@MISC{mikeramsey,
  author = {Mike Ramsey},
  title = {{Renault-Nissan} Gives Details on Autonomous Vehicle Plan},
  howpublished = {http://www.wsj.com/articles/renault-nissan-announces-autonomous-vehicle-plan-1452194640},
  month = {January},
  year = {2016},
  owner = {ddl},
  timestamp = {2016.02.11}
}

@ARTICLE{rogers,
  author = {Rogers, Eric and Owens, David H and Werner, Herbert and Freeman,
	Chris T and Lewin, Paul L and Kichhoff, Stefan and Schmidt, Christian
	and Lichtenberg, Gerwald},
  title = {Norm-Optimal Iterative Learning Control with Application to Problems
	in Accelerator-Based Free Electron Lasers and Rehabilitation Robotics},
  journal = {European Journal of Control},
  year = {2010},
  volume = {16},
  pages = {497--522},
  number = {5},
  publisher = {Elsevier}
}

@PHDTHESIS{talvthesis,
  author = {Kristin LR Talvala},
  title  = {Lanekeeping at the Limits of Handling},
  school = {Stanford University},
  year   = {2013}
}

@PHDTHESIS{rosseter,
  author = {Eric J Rossetter},
  title = {A potential field framework for active vehicle lanekeeping assistance},
  school = {Stanford University},
  year = {2003},
  owner = {ddl},
  timestamp = {2014.03.01}
}

@INPROCEEDINGS{rossetter2002,
  author = {Rossetter, Eric J and Gerdes, J Christian},
  title = {A study of lateral vehicle control under a virtual force framework},
  booktitle = {Proceedings of the International Symposium on Advanced Vehicle Control},
  year = {2002}
}

@CONFERENCE{saleh,
  author = {Louay Saleh and Philippe Chevrel and Franck Mars and Jean-Francois
	Lafay and Fabien Claveau},
  title = {Human-like Cybernetic Model for Lane Keeping},
  booktitle = {Preprints of the 18th IFAC World Congress},
  year = {2011},
  owner = {ddl},
  timestamp = {2014.03.01}
}

@INPROCEEDINGS{abbeel,
  author = {Schulman, John and Ho, Jonathan and Lee, Cameron and Abbeel, Pieter},
  title = {Learning from demonstrations through the use of non-rigid registration},
  booktitle = {Proceedings of the 16th International Symposium on Robotics Research
	(ISRR)},
  year = {2013}
}

@ARTICLE{sharp,
  author = {Sharp, RS},
  title = {A Method for Predicting Minimum-Time Capability of a Motorcycle on
	a Racing Circuit},
  journal = {Journal of Dynamic Systems, Measurement, and Control},
  year = {2014},
  volume = {136},
  pages = {041007},
  number = {4},
  publisher = {American Society of Mechanical Engineers}
}

@ARTICLE{sharp10,
  author = {Sharp, RS},
  title = {Rider control of a motorcycle near to its cornering limits},
  journal = {Vehicle System Dynamics},
  year = {2012},
  volume = {50},
  pages = {1193--1208},
  number = {8},
  publisher = {Taylor \& Francis}
}

@ARTICLE{sharpysharp,
  author = {Sharp, RS and Casanova, Daniele and Symonds, P},
  title = {A mathematical model for driver steering control, with design, tuning
	and performance results},
  journal = {Vehicle System Dynamics},
  year = {2000},
  volume = {33},
  pages = {289--326},
  number = {5},
  publisher = {Taylor \& Francis}
}

@ARTICLE{shladover,
  author = {Shladover, Steven E and Desoer, Charles A and Hedrick, J Karl and
	Tomizuka, Masayoshi and Walrand, Jean and Zhang, Wei and McMahon,
	Donn H and Peng, Huei and Sheikholeslam, Shahab and McKeown, Nick},
  title = {Automated vehicle control developments in the {PATH} program},
  journal = {IEEE Transactions on Vehicular Technology},
  year = {1991},
  volume = {40},
  pages = {114-130},
  number = {1}
}

@MISC{bws,
  author = {Bryant Walker Smith},
  title = {HUMAN ERROR AS A CAUSE OF VEHICLE CRASHES},
  howpublished = {http://cyberlaw.stanford.edu/blog/2013/12/human-error-cause-vehicle-crashes},
  month = {December},
  year = {2013},
  owner = {ddl},
  timestamp = {2016.02.11}
}

@BOOK{aibook,
  title = {Artificial Intelligence: A Modern Approach},
  publisher = {Prentice Hall},
  year = {1995},
  author = {Russell Stuart and Peter Norvig},
  owner = {ddl},
  timestamp = {2015.12.28}
}

@INPROCEEDINGS{subosits,
  author = {Subosits, John K and Gerdes, John Christian},
  title = {Autonomous Vehicle Control for Emergency Maneuvers: The Effect of
	Topography},
	pages={1405-1410}, 
  booktitle = {American Control Conference (ACC)},
  year = {2015}
}

@ARTICLE{sun,
  author = {Sun, Heqing and Hou, Zhongsheng and Li, Dayou},
  title = {Coordinated iterative learning control schemes for train trajectory
	tracking with overspeed protection},
  journal = {IEEE Trans. on Automation Science and Engineering},
  year = {2013},
  volume = {10},
  pages = {323--333},
  number = {2},
  publisher = {IEEE}
}

@CONFERENCE{switkes,
  author = {Joshua P. Switkes and J. Christian Gerdes},
  title = {Guaranteeing Lanekeeping Performance with Tire Saturation Using Computed
	Polynomial Lyapunov Functions},
  booktitle = {Proceedings of IMECE},
  year = {2005},
  owner = {ddl},
  timestamp = {2014.03.01}
}

@INPROCEEDINGS{takahashi,
  author = {Takahashi, A. and Asanuma, N.},
  title = {Introduction of Honda ASV-2 (advanced safety vehicle-phase 2)},
  booktitle = {Proc. Intelligent Vehicles Symposium},
  year = {2000},
  pages = {694-701},
  doi = {10.1109/IVS.2000.898430},
  keywords = {CCD image sensors;accidents;adaptive control;automobiles;automotive
	electronics;braking;driver information systems;head-up displays;position
	control;safety;velocity control;CCD camera;Honda ASV-2;Japanese Ministry
	of Transport;advanced safety vehicle-phase 2;driver load;judgement
	errors;rear-end collision;recognition errors;traffic accident;Charge
	coupled devices;Charge-coupled image sensors;Computer errors;Intelligent
	vehicles;Protection;Radar detection;Road accidents;Vehicle detection;Vehicle
	driving;Vehicle safety}
}

@INPROCEEDINGS{talvala,
  author = {Talvala, Kirstin L and Gerdes, J Christian},
  title = {Lanekeeping at the limits of handling: {Stability} via {Lyapunov}
	functions and a comparison with stability control},
  booktitle = {Dynamic Systems and Control Conference},
  year = {2008},
  pages = {361-368}
}

@BOOK{taruffi,
  title = {The Technique of Motor Racing},
  publisher = {Motor Racing Publications},
  year = {1959},
  author = {Taruffi, Piero}
}

@BOOK{mken,
	title = {Race Car Vehicle Dynamics},
	publisher = {Society of Automotive Engineers},
	year = {1995},
	author = {William F. Milliken and Douglas L. Milliken}
}

@PHDTHESIS{paulthesis,
  author = {Paul A Theodosis},
  title = {Path planning for an automated vehicle using professional racecar
	driving techniques},
  school = {Stanford University},
  year = {2014},
  owner = {ddl},
  timestamp = {2015.12.16}
}

@INPROCEEDINGS{theodosis,
  author = {Theodosis, Paul A and Gerdes, John Christian},
  title = {Generating a Racing Line for an Autonomous Racecar Using Professional
	Driving Techniques},
  booktitle = {Dynamic Systems and Control Conference},
  year = {2011},
  pages = {853--860}
}

@ARTICLE{tommyboy,
  author = {Thommyppillai, M and Evangelou, S and Sharp, RS},
  title = {Car driving at the limit by adaptive linear optimal preview control},
  journal = {Vehicle System Dynamics},
  year = {2009},
  volume = {47},
  pages = {1535--1550},
  number = {12},
  publisher = {Taylor \& Francis}
}

@ARTICLE{thrun,
  author = {Sebastian Thrun and Mike Montemerlo and Hendrik Dahlkamp},
  title = {Stanley: The Robot that Won the DARPA Grand Challenge},
  journal = {Journal of Field Robotics},
  year = {2006},
  volume = {23},
  pages = {661-692},
  number = {9},
  owner = {ddl},
  timestamp = {2014.03.01}
}

@ARTICLE{timings,
  author = {Timings, Julian P and Cole, David J},
  title = {Minimum maneuver time calculation using convex optimization},
  journal = {Journal of Dynamic Systems, Measurement, and Control},
  year = {2013},
  volume = {135},
  pages = {031015},
  number = {3},
  publisher = {American Society of Mechanical Engineers}
}

@CONFERENCE{tomizuka,
  author = {Masayoshi Tomizuka and M Tai and J-Y Wang and P. Hingwe},
  title = {Automated Lane Guidance of Commercial Vehicles},
  booktitle = {Proceedings of the 1999 IEEE},
  year = {1999},
  owner = {ddl},
  timestamp = {2014.03.01}
}

@ARTICLE{turri,
  author = {Turri, Valerio and Carvalho, Ashwin and Tseng, Hongtei and Johansson,
	Karl Henrik and Borrelli, Francesco},
  title = {Linear Model Predictive Control for Lane Keeping and Obstacle Avoidance
	on Low Curvature Roads},
  year = {2013}
}

@MISC{saltflats,
  author = {Audi USA},
  title = {Piloted to the peak: {Audi TTS Pikes Peak}},
  howpublished = {http://www.audi.com/},
  month = {January},
  year = {2016},
  owner = {ddl},
  timestamp = {2015.12.16}
}

@ARTICLE{velenis,
  author = {Velenis, Efstathios and Tsiotras, Panagiotis},
  title = {Minimum-time travel for a vehicle with acceleration limits: Theoretical
	analysis and receding-horizon implementation},
  journal = {Journal of Optimization Theory and Applications},
  year = {2008},
  volume = {138},
  pages = {275--296},
  number = {2},
  publisher = {Springer}
}

@ARTICLE{velly,
  author = {Velenis, Efstathios and Tsiotras, Panagiotis and Lu, Jianbo},
  title = {Optimality properties and driver input parameterization for trail-braking
	cornering},
  journal = {European Journal of Control},
  year = {2008},
  volume = {14},
  pages = {308--320},
  number = {4},
  publisher = {Elsevier}
}

@TECHREPORT{ttrain,
  author = {Dr.-Ing. Peter Waldmann and Dipl.-Ing. Daniel Niehues},
  title = {Der {BMW} {Track-Trainer} - automatisiertes fahren im {Grenzbereich}
	auf der {N{\"u}rburgring Nordschleife}},
  institution = {Tagung aktive Sicherheit, Lehrstuhl f{\"u}r Fahrzeugtechnik, Technische
	Universit{\"a}t M{\"u}nchen},
  year = {2010},
  owner = {ddl},
  timestamp = {2015.12.16}
}

@ARTICLE{yang14,
  author = {Yang, Derong and Jacobson, Bengt and Jonasson, Mats and Gordon, Tim
	J},
  title = {Closed--loop controller for post--impact vehicle dynamics using individual
	wheel braking and front axle steering},
  journal = {International Journal of Vehicle Autonomous Systems},
  year = {2014},
  volume = {12},
  pages = {158--179},
  number = {2},
  publisher = {Inderscience}
}

