% This file was created with JabRef 2.9.2.
% Encoding: Cp1252

@book{taruffi,
  title={The Technique of Motor Racing},
  author={Taruffi, Piero},
  year={1959},
  publisher={Motor Racing Publications}
}

@misc{boydcvx,
  author       = {Michael Grant and Stephen Boyd},
  title        = {{CVX}: Matlab Software for Disciplined Convex Programming, version 2.1},
  howpublished = {http://cvxr.com/cvx},
  month        = mar,
  year         = 2014
}

@article{kelly,
  title={Lap time simulation with transient vehicle and tyre dynamics},
  author={Kelly, Daniel Patrick},
  year={2008},
  publisher={Cranfield University}
}

@ARTICLE{mickgeneral,
  author = {Krisada Kritayakirana and J. Christian Gerdes},
  title = {Autonomous Vehicle Control at the Limits of Handling},
  journal = {International Journal of Vehicle Autonomous Systems},
  year = {2012},
  volume = {10},
  pages = {271-296},
  number = {4},
  owner = {ddl},
  timestamp = {2014.03.01}
}

@article{hendrikx,
  title={Application of optimal control theory to inverse simulation of car handling},
  author={Hendrikx, JPM and Meijlink, TJJ and Kriens, RFC},
  journal={Vehicle System Dynamics},
  volume={26},
  number={6},
  pages={449--461},
  year={1996},
}

@BOOK{Pacejka2012,
  title = {Tire and Vehicle Dynamics},
  publisher = {Butterworth-Heinemann},
  year = {2012},
  author = {Hans B. Pacejka},
  edition = {3rd},
  owner = {DDL},
  timestamp = {2009.02.27}
}

@INPROCEEDINGS{subosits,
  author = {Subosits, John K and Gerdes, John Christian},
  title = {Autonomous Vehicle Control for Emergency Maneuvers: The Effect of Topography},
  booktitle = {American Control Conference},
  year = {2015},
}


@INPROCEEDINGS{theodosis,
  author = {Theodosis, Paul A and Gerdes, John Christian},
  title = {Generating a Racing Line for an Autonomous Racecar Using Professional
	Driving Techniques},
  booktitle = {Dynamic Systems and Control Conference},
  year = {2011},
  pages = {853--860}
}

@INPROCEEDINGS{kapania,
  author = {Kapania, Nitin R and Gerdes, John Christian},
  title = {An Autonomous Lanekeeping System for Vehicle Path Tracking and Stability at the Limits of Handling},
  booktitle = {12th International Symposium on Advanced Vehicle Control},
  year = {2014},
}

@article{velenis,
  title={Minimum-time travel for a vehicle with acceleration limits: Theoretical analysis and receding-horizon implementation},
  author={Velenis, Efstathios and Tsiotras, Panagiotis},
  journal={Journal of Optimization Theory and Applications},
  volume={138},
  number={2},
  pages={275--296},
  year={2008},
  publisher={Springer}
}

@article{lipp,
  title={Minimum-time speed optimisation over a fixed path},
  author={Lipp, Thomas and Boyd, Stephen},
  journal={International Journal of Control},
  volume={87},
  number={6},
  pages={1297--1311},
  year={2014},
  publisher={Taylor \& Francis}
}

@article{sharp,
  title={A Method for Predicting Minimum-Time Capability of a Motorcycle on a Racing Circuit},
  author={Sharp, RS},
  journal={Journal of Dynamic Systems, Measurement, and Control},
  volume={136},
  number={4},
  pages={041007},
  year={2014},
  publisher={American Society of Mechanical Engineers}
}

@article{timings,
  title={Minimum maneuver time calculation using convex optimization},
  author={Timings, Julian P and Cole, David J},
  journal={Journal of Dynamic Systems, Measurement, and Control},
  volume={135},
  number={3},
  pages={031015},
  year={2013},
  publisher={American Society of Mechanical Engineers}
}

@article{casanova,
  title={On minimum time vehicle manoeuvring: The theoretical optimal lap},
  author={Casanova, D},
  year={2000},
  publisher={Cranfield University}
}

@article{gerdts,
  title={Generating locally optimal trajectories for an automatically driven car},
  author={Gerdts, Matthias and Karrenberg, Simon and M{\"u}ller-Be{\ss}ler, Bernhard and Stock, Gregor},
  journal={Optimization and Engineering},
  volume={10},
  number={4},
  pages={439--463},
  year={2009},
  publisher={Springer}
}

@inproceedings{decastro,
  title={Minimum-time path following in highly redundant electric vehicles},
  author={de Castro, Ricardo and Tanelli, Mara and Ara{\'u}jo, Rui Esteves and Savaresi, Sergio M},
  booktitle={Proceedings of the 19th IFAC World Congress},
  year={2014}
}


